@article{Visscher96bootstrap,
author = {Visscher, P.M. and Thompson, R. and Haley, C.S.},
file = {:Users/wvaldar/Documents/MendeleyDesktop/1996/Visscher, Thompson, Haley/Visscher, Thompson, Haley - Genetics - Confidence Intervals in QTL Mapping by Bootstrapping.pdf:pdf},
journal = {Genetics},
mendeley-groups = {ZDoc{\_}FrelingerPaper20110711,bootstrap,positional{\_}bootstrap},
number = {2},
pages = {1013--1020},
pmid = {8725246},
publisher = {Genetics Soc America},
title = {{Confidence Intervals in QTL Mapping by Bootstrapping}},
url = {http://www.genetics.org/cgi/content/abstract/143/2/1013},
volume = {143},
year = {1996}
}
