@article{Valdar06cc,
annote = {PMCID: PMC1456308},
author = {Valdar, William and Flint, Jonathan and Mott, Richard},
doi = {10.1534/genetics.104.039313},
file = {:Users/wvaldar/Documents/MendeleyDesktop/2006/Valdar, Flint, Mott/Valdar, Flint, Mott - Genetics - Simulating the Collaborative Cross power of quantitative trait loci detection and mapping resolution in.pdf:pdf},
journal = {Genetics},
mendeley-groups = {ZDoc{\_}NIHInnvator,ZDoc{\_}FrelingerPaper20110711,grant20120112BaricValdarR01,test,ZDoc{\_}ValdarR01{\_}2012-02-05,@MyPublications--published,ZDoc{\_}ValdarMIRA{\_}2017-05-17},
number = {3},
pages = {1783--1797},
publisher = {Genetics Soc America},
title = {{Simulating the Collaborative Cross: power of quantitative trait loci detection and mapping resolution in large sets of recombinant inbred strains of mice}},
volume = {172},
year = {2006}
}
